<record><leader>00000cas a22000007a 4500</leader><controlfield tag="001">9657792</controlfield><controlfield tag="008">830629d19531957iluer ne      0    0srpxd</controlfield><datafield ind1=" " ind2=" " tag="010"><subfield code="a">sn 83045802 </subfield></datafield><datafield ind1=" " ind2=" " tag="040"><subfield code="a">CRL</subfield><subfield code="b">eng</subfield><subfield code="c">CRL</subfield><subfield code="d">NPW</subfield><subfield code="d">CRL</subfield><subfield code="d">NST</subfield><subfield code="d">OCLCQ</subfield><subfield code="d">OCLCO</subfield><subfield code="d">OCLCQ</subfield></datafield><datafield ind1=" " ind2=" " tag="012"><subfield code="i">9005</subfield></datafield><datafield ind1="0" ind2=" " tag="041"><subfield code="a">srp</subfield><subfield code="a">hrv</subfield><subfield code="a">eng</subfield></datafield><datafield ind1=" " ind2=" " tag="042"><subfield code="a">msc</subfield></datafield><datafield ind1="0" ind2="0" tag="245"><subfield code="a">Srpsko jedinstvo =</subfield><subfield code="b">Unity.</subfield></datafield><datafield ind1="3" ind2="1" tag="246"><subfield code="a">Unity</subfield></datafield><datafield ind1="1" ind2="3" tag="246"><subfield code="a">Serbian unity</subfield><subfield code="f">Dec. 23, 1954-July 4, 1957</subfield></datafield><datafield ind1=" " ind2=" " tag="260"><subfield code="a">Chicago, Ill. :</subfield><subfield code="b">Obod Print. 6 Pub.,</subfield><subfield code="c">1953-1957.</subfield></datafield><datafield ind1=" " ind2=" " tag="300"><subfield code="a">4 volumes :</subfield><subfield code="b">illustrations ;</subfield><subfield code="c">56 cm</subfield></datafield><datafield ind1=" " ind2=" " tag="310"><subfield code="a">Biweekly,</subfield><subfield code="b">Aug. 18, 1955-July 4, 1956</subfield></datafield><datafield ind1=" " ind2=" " tag="321"><subfield code="a">Weekly,</subfield><subfield code="b">Oct. 8, 1953-Aug. 4, 1955</subfield></datafield><datafield ind1=" " ind2=" " tag="336"><subfield code="a">text</subfield><subfield code="b">txt</subfield><subfield code="2">rdacontent</subfield></datafield><datafield ind1=" " ind2=" " tag="337"><subfield code="a">unmediated</subfield><subfield code="b">n</subfield><subfield code="2">rdamedia</subfield></datafield><datafield ind1=" " ind2=" " tag="338"><subfield code="a">volume</subfield><subfield code="b">nc</subfield><subfield code="2">rdacarrier</subfield></datafield><datafield ind1="0" ind2=" " tag="362"><subfield code="a">Year 48, no. 25 (Oct. 8th, 1953)-year 51, no. 16 (July 4, 1957).</subfield></datafield><datafield ind1=" " ind2=" " tag="500"><subfield code="a">Published on Thursday.</subfield></datafield><datafield ind1="8" ind2=" " tag="521"><subfield code="a">"The oldest Serbian weekly newspaper in the U.S.A.," Oct. 8, 1953-Mar. 1956.</subfield></datafield><datafield ind1=" " ind2=" " tag="530"><subfield code="a">Available on microfilm from the Center for Research Libraries.</subfield></datafield><datafield ind1=" " ind2=" " tag="546"><subfield code="a">In Serbo-Croatian (Cyrillic), Serbo-Croatian (roman) and English.</subfield></datafield><datafield ind1=" " ind2=" " tag="550"><subfield code="a">"Organ S.P.S. "Jedinstvo, "" Oct. 8, 1953-Dec. 16, 1954.</subfield></datafield><datafield ind1="2" ind2=" " tag="710"><subfield code="a">Srpski potporni savez "Jedinstvo" (U.S.)</subfield></datafield><datafield ind1=" " ind2=" " tag="752"><subfield code="a">United States</subfield><subfield code="b">Illinois</subfield><subfield code="c">Cook</subfield><subfield code="d">Chicago.</subfield></datafield><datafield ind1="0" ind2="0" tag="780"><subfield code="t">Jedinstvo (Chicago, Ill.)</subfield><subfield code="w">(DLC)sn 83045311</subfield><subfield code="w">(OCoLC)9417936</subfield></datafield><datafield ind1=" " ind2=" " tag="850"><subfield code="a">ICRL</subfield></datafield><datafield ind1="1" ind2=" " tag="029"><subfield code="a">AU@</subfield><subfield code="b">000025818262</subfield></datafield></record>